@article{BioshockObjectivism,
	author="Kuhn, Brittany",
	title="The Architecture of Bioshock as Metaphor for Ayn Rand's Objectivism",
	journal="gamevironments",
	year="2016",
	volume="5"	
}
@article{LevineInterview,
	author="Johnny Minkley",
	title="Big Daddy speaks",
	journal="eurogamer.net",
	year="2007"	
}
@book{ComparingEconomics,
	author="Mariana Rosser",
	author="J Barkley Rosser",
	title="Comparative Economics in a Transforming World",
	publisher="MIT Press",
	year="2003"
}
@book{PrinciplesOfCommunism,
	author="Friedrich Engels",
	title="The Principles of Communism",
	year="1847",
	publisher="German Social Democratic Party"
}
@book{AtlasShrugged,
		title={Atlas Shrugged},
		author={Rand, A.},
		isbn={9780525948926},
		lccn={91036842},
		year={2005},
		publisher={Dutton}
}
@misc{Bioshock,
	author="Ken Levine",
	title="Bioshock",
	publisher="2K Games",
	year="2007",
	note="PC"	
}
